@misc{digikey,
  author={Matthew Bon},
  title={A Basic Introduction to BLE Security},
  year={2020},
  note={\newline Available at: \url{https://www.digikey.com/eewiki/display/Wireless/A+Basic+Introduction+to+BLE+Security} [Accessed 26 May 2020]}
}

@misc{return-false,
  author={{Author unknown, alias "Till"}},
  title={Sicherheitsmechanismen von Bluetooth Low Energy},
  year={2019},
  note={\newline Available at: \url{https://return-false.de/archive/1098} [Accessed 26 May 2020]}
}

@misc{nist,
  author={John Padgette and John Bahr and Mayank Batra and Marcel Holtmann and Rhonda Smithbey and Lily Chen and Karen Scarfone},
  title={Guide to Bluetooth Security},
  year={2017},
  note={\newline Available at: \url{https://nvlpubs.nist.gov/nistpubs/SpecialPublications/NIST.SP.800-121r2.pdf} [Accessed 26 May 2020]}
}

@misc{survey,
  author={Hui Jun Tay and Jiaqi Tan and Priya Narasimhan},
  title={A Survey of Security Vulnerabilities in Bluetooth Low Energy Beacons},
  year={2016},
  note={\newline Available at: \url{https://pdfs.semanticscholar.org/296e/6eedbad6f1098bd69a04e6a397c6c1da97bb.pdf} [Accessed 26 May 2020]}
}

@misc{wiki,
  author={{Wikipedia}},
  title={Bluetooth Low Energy - Wikipedia},
  year={2020},
  note={\newline Available at: \url{https://en.wikipedia.org/wiki/Bluetooth_Low_Energy\#Radio_interface} [Accessed 26 May 2020]}
}